@article{jimenez20013d,
  title={3D collision detection: a survey},
  author={Jim{\'e}nez, Pablo and Thomas, Federico and Torras, Carme},
  journal={Computers \& Graphics},
  volume={25},
  number={2},
  pages={269--285},
  year={2001},
  publisher={Elsevier}
}

%Niederreither Wiki basic
 @misc{ wiki:niederreither,
 	author = "Wikipedia",
 	title = "Niederreiter cryptosystem --- Wikipedia{,} The Free Encyclopedia",
 	year = "2017",
 	url = "\url{https://en.wikipedia.org/w/index.php?title=Niederreiter_cryptosystem&oldid=765415601}",
 	note = "[Online; accessed 10-March-2017]"
 }

 @misc{ wiki:multi,
 	author = "Wikipedia",
 	title = "Multivariate cryptography --- Wikipedia{,} The Free Encyclopedia",
 	year = "2017",
 	url = "\url{https://en.wikipedia.org/w/index.php?title=Multivariate_cryptography&oldid=764412512}",
 	note = "[Online; accessed 10-March-2017]"
 }
 
  @misc{ wiki:lattice,
  	author = "Wikipedia",
  	title = "Lattice-based cryptography --- Wikipedia{,} The Free Encyclopedia",
  	year = "2017",
  	url = "\url{https://en.wikipedia.org/w/index.php?title=Lattice-based_cryptography&oldid=768898377}",
  	note = "[Online; accessed 10-March-2017]"
  }
  
  % PQC overview unuser so far
   @misc{ wiki:pqcover,
   	author = "Wikipedia",
   	title = "Post-quantum cryptography --- Wikipedia{,} The Free Encyclopedia",
   	year = "2017",
   	url = "\url{https://en.wikipedia.org/w/index.php?title=Post-quantum_cryptography&oldid=768351944}",
   	note = "[Online; accessed 10-March-2017]"
   }
   
    @misc{ wiki:lamportsig,
    	author = "Wikipedia",
    	title = "Lamport signature --- Wikipedia{,} The Free Encyclopedia",
    	year = "2017",
    	url = "\url{https://en.wikipedia.org/w/index.php?title=Lamport_signature&oldid=757896301}",
    	note = "[Online; accessed 10-March-2017]"
    }
    
     @misc{ wiki:merklesig,
     	author = "Wikipedia",
     	title = "Merkle signature scheme --- Wikipedia{,} The Free Encyclopedia",
     	year = "2017",
     	url = "\url{https://en.wikipedia.org/w/index.php?title=Merkle_signature_scheme&oldid=763317809}",
     	note = "[Online; accessed 10-March-2017]"
     }
     
      @misc{ wiki:bingoppa,
      	author = "Wikipedia",
      	title = "Binary Goppa code --- Wikipedia{,} The Free Encyclopedia",
      	year = "2015",
      	url = "\url{https://en.wikipedia.org/w/index.php?title=Binary_Goppa_code&oldid=696748605}",
      	note = "[Online; accessed 10-March-2017]"
      }
      
% McElice Paper  
      @article{mceliece1978public,
      	title={A public-key cryptosystem based on algebraic},
      	author={McEliece, Robert J},
      	journal={Coding Thv},
      	volume={4244},
      	pages={114--116},
      	year={1978}
      }
      
      % background info for fast decoding nicht gelesen - kettenreferenz aus mceliece1978public
      @book{mceliece2002theory,
      	title={The theory of information and coding},
      	author={McEliece, Robert},
      	year={2002},
      	publisher={Cambridge University Press}
      }
      
            % background info for proofing irreducibility test nicht gelesen - kettenreferenz aus mceliece1978public
      @article{berlekamp1968algebraic,
      	title={Algebraic coding theory},
      	author={Berlekamp, Elwyn R},
      	year={1968},
      	publisher={McGraw-Hill}
      }
      
      %needed for fast decryption mceliece
      @article{patterson1975algebraic,
      	title={The algebraic decoding of Goppa codes},
      	author={Patterson, Nicholas},
      	journal={IEEE Transactions on Information Theory},
      	volume={21},
      	number={2},
      	pages={203--207},
      	year={1975},
      	publisher={IEEE}
      }
      
      % McEliece decoding additions 
       @misc{ wiki:mcelice,
       	author = "Wikipedia",
       	title = "McEliece cryptosystem --- Wikipedia{,} The Free Encyclopedia",
       	year = "2017",
       	url = "\url{https://en.wikipedia.org/w/index.php?title=McEliece_cryptosystem&oldid=757931840}",
       	note = "[Online; accessed 12-March-2017]"
       }
       
      %Learning from parity noise needed in security properties. 
      @inproceedings{pietrzak2012cryptography,
      	title={Cryptography from learning parity with noise},
      	author={Pietrzak, Krzysztof},
      	booktitle={International Conference on Current Trends in Theory and Practice of Computer Science},
      	pages={99--114},
      	year={2012},
      	organization={Springer}
      }
      
      %ergänzung zur Übersicht der einzelnen crpto kathgorien
      @incollection{bernstein2009introduction,
      	title={Introduction to post-quantum cryptography},
      	author={Bernstein, Daniel J},
      	booktitle={Post-quantum cryptography},
      	pages={1--14},
      	year={2009},
      	publisher={Springer}
      }
      